
% This is an example of a string: this is the way you do variables in BiBTex
% @string{variable_name="string the variable_name refers to"}
%@string{aij= "Artificial Intelligence"}
@string{drn = "AR.Drone 2.0"}

% This is an example of a URL reference
% Note you should try to identify autht corship of web resources
% Also note you should include the date you last accessed the page.
@MISC{PersonalKanban,
 author={Jim Benson and Tonianne DeMaria Barry},
 title={Personal Kanban},
 howpublished={\url{http://www.personalkanban.com/}},
 note={Accessed February 2016},
  annote={This site provides an explanation and guide for "Personal Kanban", which is a kanban system for personal work flows.}
}

@MISC{DroneAPI,
  title={Parrot for Developers},
  howpublished={\url{http://developer.parrot.com/}},
  note={Accessed February 2016},
   annote={A starting page for developers, allowing access to the SDK for the parrot drones.}
}

@MISC{DroneQuickStart,
 title={User guides for Ar.Drone 2.0},
 howpublished={\url{http://ardrone2.parrot.com/support/}},
 note={Accessed February 2016},
  annote={The user guides for the drn, with safety guidelines in the quick start manual.}
}

@MISC{DroneDevGuide,
 author={Stephane Piskorski, Nicolas Brulez, Pierre Eline, Frederic D'Haeyer}
 title ={AR.Drone Developer Guide},
 howpublished={\url{}},
 note={Accessed February 2016},
  annote={The developer guide for the drn}
}
