
% This is an example of a string: this is the way you do variables in BiBTex
% @string{variable_name="string the variable_name refers to"}
%@string{aij= "Artificial Intelligence"}

% This is an example of a URL reference
% Note you should try to identify autht corship of web resources
% Also note you should include the date you last accessed the page.
@MISC{PersonalKanban,
 author={Jim Benson and Tonianne DeMaria Barry},
 title={Personal Kanban},
 howpublished={\url{http://www.personalkanban.com/}},
 note={Accessed February 2016},
  annote={This site provides an explanation and guide for "Personal Kanban", which is a kanban system for personal work flows.}
}

